@article{unknown,
    title = {{Quantum cryptography: Public key distribution and coin tossing}},
    year = {1984},
    journal = {Theoretical Computer Science - TCS},
    author = {H. Bennett, Charles and Brassard, Gilles},
    pages = {175--179},
    volume = {560}
}

@article{ShenoyHejamadi2017QuantumBeyond,
    title = {{Quantum Cryptography: Key Distribution and Beyond}},
    year = {2017},
    journal = {Quanta},
    author = {ShenoyHejamadi, A and Pathak, A and Radhakrishna, S and Kak, S and Qureshi, T and Georgiev, D},
    number = {1},
    pages = {1--47},
    volume = {6},
    url = {https://arxiv.org/pdf/1802.05517.pdf},
    doi = {10.12743/quanta.v6i1.57}
}

@inproceedings{ShorAlgorithmsFactoring,
    title = {{Algorithms for quantum computation: discrete logarithms and factoring}},
    booktitle = {Proceedings 35th Annual Symposium on Foundations of Computer Science},
    author = {Shor, P.W.},
    pages = {124--134},
    publisher = {IEEE Comput. Soc. Press},
    url = {http://ieeexplore.ieee.org/document/365700/},
    isbn = {0-8186-6580-7},
    doi = {10.1109/SFCS.1994.365700}
}

@article{Bennett2014QuantumTossing,
    title = {{Quantum cryptography: Public key distribution and coin tossing}},
    year = {2014},
    journal = {Theoretical Computer Science},
    author = {Bennett, Charles H and Brassard, Gilles},
    pages = {7--11},
    volume = {560},
    url = {www.elsevier.com/locate/tcs},
    doi = {10.1016/j.tcs.2014.05.025}
}

@article{Bennett1992ExperimentalCryptography,
    title = {{Experimental quantum cryptography}},
    year = {1992},
    journal = {Journal of Cryptology},
    author = {Bennett, CharlesH. and Bessette, Fran�ois and Brassard, Gilles and Salvail, Louis and Smolin, John},
    number = {1},
    pages = {3--28},
    volume = {5},
    publisher = {Springer-Verlag},
    url = {http://link.springer.com/10.1007/BF00191318},
    doi = {10.1007/BF00191318},
    issn = {0933-2790}
}

@article{Diamanti2016PracticalDistribution,
    title = {{Practical challenges in quantum key distribution}},
    year = {2016},
    journal = {npj Quantum Information},
    author = {Diamanti, Eleni and Lo, Hoi-Kwong and Qi, Bing and Yuan, Zhiliang},
    number = {1},
    month = {11},
    pages = {16025},
    volume = {2},
    publisher = {Nature Publishing Group},
    url = {http://www.nature.com/articles/npjqi201625},
    doi = {10.1038/npjqi.2016.25},
    issn = {2056-6387},
    keywords = {Fibre optics and optical communications, Quantum information}
}

@article{Singh2014QuantumReview,
    title = {{Quantum Key Distribution Protocols: A Review}},
    year = {2014},
    journal = {IOSR Journal of Computer Engineering Ver. XI},
    author = {Singh, Hitesh and Gupta, D L and Singh, A K},
    number = {2},
    pages = {1--9},
    volume = {16},
    url = {www.iosrjournals.org}
}

@article{Bedington2017ProgressDistribution,
    title = {{Progress in satellite quantum key distribution}},
    year = {2017},
    journal = {npj Quantum Information},
    author = {Bedington, Robert and Arrazola, Juan Miguel and Ling, Alexander},
    number = {1},
    month = {12},
    pages = {30},
    volume = {3},
    publisher = {Nature Publishing Group},
    url = {http://www.nature.com/articles/s41534-017-0031-5},
    doi = {10.1038/s41534-017-0031-5},
    issn = {2056-6387},
    keywords = {Classical and Quantum Gravitation, Physics, Quantum Computing, Quantum Field Theories, Quantum Information Technology, Quantum Physics, Relativity Theory, Spintronics, String Theory, general}
}

@book{Fox2006QuantumIntroduction,
    title = {{Quantum optics : an introduction}},
    year = {2006},
    author = {Fox, Mark (Anthony Mark)},
    pages = {378},
    publisher = {Oxford University Press},
    isbn = {9780198566731}
}

@article{Wootters1982ACloned,
    title = {{A single quantum cannot be cloned}},
    year = {1982},
    journal = {Nature},
    author = {Wootters, W. K. and Zurek, W. H.},
    number = {5886},
    month = {10},
    pages = {802--803},
    volume = {299},
    publisher = {Nature Publishing Group},
    url = {http://www.nature.com/articles/299802a0},
    doi = {10.1038/299802a0},
    issn = {0028-0836}
}

@book{Nielsen2010QuantumInformation,
    title = {{Quantum computation and quantum information}},
    year = {2010},
    author = {Nielsen, Michael A. and Chuang, Isaac L.},
    pages = {676},
    publisher = {Cambridge University Press},
    isbn = {1107002176}
}

@article{Senellart2017High-performanceSources,
    title = {{High-performance semiconductor quantum-dot single-photon sources}},
    year = {2017},
    journal = {Nature Nanotechnology},
    author = {Senellart, Pascale and Solomon, Glenn and White, Andrew},
    number = {11},
    month = {11},
    pages = {1026--1039},
    volume = {12},
    publisher = {Nature Publishing Group},
    url = {http://www.nature.com/doifinder/10.1038/nnano.2017.218},
    doi = {10.1038/nnano.2017.218},
    issn = {1748-3387}
}

@book{Saleh2007FundamentalsPhotonics,
    title = {{Fundamentals of photonics}},
    year = {2007},
    author = {Saleh, Bahaa E. A. and Teich, Malvin Carl},
    pages = {1177},
    publisher = {Wiley-Interscience},
    isbn = {0471358320}
}

@book{Iizuka2002ElementsMedia,
    title = {{Elements of Photonics, Volume I: In Free Space and Special Media}},
    year = {2002},
    author = {Iizuka, K.},
    pages = {664}
}

@book{Foot2005AtomicPhysics,
    title = {{Atomic physics}},
    year = {2005},
    author = {Foot, C. J.},
    pages = {331},
    publisher = {Oxford University Press},
    url = {https://global.oup.com/ukhe/product/atomic-physics-9780198506966?cc=gb&lang=en&},
    isbn = {9780198506966}
}

@article{Kitching2011AtomicReview,
    title = {{Atomic Sensors – A Review}},
    year = {2011},
    journal = {IEEE SENSORS JOURNAL},
    author = {Kitching, John and Knappe, Svenja and Donley, Elizabeth A},
    number = {9},
    volume = {11},
    url = {https://tf.nist.gov/general/pdf/2502.pdf},
    doi = {10.1109/JSEN.2011.2157679},
    keywords = {Index Terms—Atomic spectroscopy, inertial sensor, magnetometry}
}

@inproceedings{Kitching2008MicrofabricatedApplications,
    title = {{Microfabricated atomic magnetometers and applications}},
    year = {2008},
    booktitle = {2008 IEEE International Frequency Control Symposium},
    author = {Kitching, John and Knappe, Svenja and Shah, Vishal and Schwindt, Peter and Griffith, Clark and Jimenez, Ricardo and Preusser, Jan and Liew, L.-A. and Moreland, J.},
    month = {5},
    pages = {789--794},
    publisher = {IEEE},
    url = {http://ieeexplore.ieee.org/document/4623107/},
    isbn = {978-1-4244-1794-0},
    doi = {10.1109/FREQ.2008.4623107}
}

@article{Jani2007TimingCircuitry,
    title = {{Timing resolution (FWHM) of some photon counting detectors and electronic circuitry}},
    year = {2007},
    journal = {Meas. Sci. Technol},
    author = {Jani, P and V{\'{a}}mos, L and Nemes, T},
    pages = {155--160},
    volume = {18},
    url = {https://www.idquantique.com/wordpress/wp-content/uploads/id100-paper-Jani.pdf},
    doi = {10.1088/0957-0233/18/1/019},
    keywords = {APD, photon counting detectors, timing resolution}
}

@article{Steane2002AtomicMatter,
    title = {{Atomic Physics: High-precision quantum systems and interactions of light and matter}},
    year = {2002},
    author = {Steane, Andrew},
    url = {https://users.physics.ox.ac.uk/~Steane/teaching/al.pdf}
}

@phdthesis{Seltzer2008AtomicMagnetometery,
    title = {{Atomic Magnetometery}},
    year = {2008},
    author = {Seltzer, S},
    pages = {9--154},
    school = {Princeton University}
}

@book{LandiDeglInnocenti2014AtomicProcesses,
    title = {{Atomic Spectroscopy and Radiative Processes}},
    year = {2014},
    author = {Landi Degl'Innocenti, Egidio},
    series = {UNITEXT for Physics},
    publisher = {Springer Milan},
    url = {http://link.springer.com/10.1007/978-88-470-2808-1},
    address = {Milano},
    isbn = {978-88-470-2807-4},
    doi = {10.1007/978-88-470-2808-1}
}

@article{Groeger2006AMagnetometer,
    title = {{A high-sensitivity laser-pumped Mx magnetometer}},
    year = {2006},
    journal = {Eur. Phys. J. D},
    author = {Groeger, S. and Bison, G. and Schenker, J.-L. and Wynands, R. and Weis, A.},
    number = {2},
    month = {5},
    pages = {239--247},
    volume = {38},
    publisher = {EDP Sciences},
    url = {http://www.springerlink.com/index/10.1140/epjd/e2006-00037-y},
    doi = {10.1140/epjd/e2006-00037-y}
}

@article{Birzhandi2013EffectPhenomenon,
    title = {{Effect of light Polarization on the absorption index of alkali metal vapor in optical pumping phenomenon}},
    year = {2013},
    journal = {International Journal of Optics and Photonics},
    author = {Birzhandi, Samaneh and Ranjbaran, Malihe and Khalkhali, Seyed Mohammad Hosein and Hamidi, Seyedeh Mehri and Tehranchi, Mohammad Mehdi},
    number = {2},
    pages = {71--76},
    volume = {7},
    publisher = {International Journal of Optics and Photonics},
    url = {http://ijop.ir/browse.php?a_code=A-10-175-3&sid=1&slc_lang=en}
}

@book{Yariv2006PhotonicsCommunications,
    title = {{Photonics : optical electronics in modern communications}},
    year = {2006},
    author = {Yariv, Amnon and Yeh, Pochi},
    edition = {6},
    pages = {836},
    publisher = {Oxford University Press},
    address = {New York},
    isbn = {0195179463}
}

@article{Siddons2008AbsoluteExperiment,
    title = {{Absolute absorption on rubidium D lines: comparison between theory and experiment}},
    year = {2008},
    journal = {Journal of Physics B: Atomic, Molecular and Optical Physics},
    author = {Siddons, Paul and Adams, Charles S and Ge, Chang and Hughes, Ifan G},
    number = {15},
    month = {8},
    pages = {155004},
    volume = {41},
    publisher = {IOP Publishing},
    url = {http://stacks.iop.org/0953-4075/41/i=15/a=155004?key=crossref.00c7138be904263053df130d39a795f7},
    doi = {10.1088/0953-4075/41/15/155004},
    issn = {0953-4075}
}

@article{Steck2010CesiumData,
    title = {{Cesium D Line Data}},
    year = {2010},
    author = {Steck, Daniel Adam and Steck, Daniel},
    url = {http://steck.us/alkalidata/cesiumnumbers.pdf},
    keywords = {atom optics, atomic physics, optics, physics, quantum mechanics, quantum optics}
}

@phdthesis{Bison2004DevelopmentCardio-magnetometer,
    title = {{Development of an optical cardio-magnetometer}},
    year = {2004},
    author = {Bison, G.},
    pages = {32},
    school = {University of Fribourg}
}

@article{Imanishi2005FrequencyCell,
    title = {{Frequency Stabilization of Diode Laser Using Dichroic-Atomic-Vapor Laser Lock Signals and Thin Rb Vapor Cell}},
    year = {2005},
    journal = {Japanese Journal of Applied Physics},
    author = {Imanishi, Sayaka and Tanaka, Utako and Urabe, Shinji},
    number = {9A},
    month = {9},
    pages = {6767--6771},
    volume = {44},
    publisher = {IOP Publishing},
    url = {http://stacks.iop.org/1347-4065/44/6767},
    doi = {10.1143/JJAP.44.6767},
    issn = {0021-4922}
}

@article{XiaMagnetoencephalographyMagnetometer,
    title = {{Magnetoencephalography with an atomic magnetometer}},
    author = {Xia, H and Ben-Amar Baranga, A and Hoffman, D and Romalis, M V},
    url = {http://physics.princeton.edu/romalis/papers/Xia et al - Magnetoencephalography with an atomic magnetometer.pdf},
    doi = {10.1063/1.2392722͔}
}

@article{Kominis2003AMagnetometer,
    title = {{A subfemtotesla multichannel atomic magnetometer}},
    year = {2003},
    journal = {Nature},
    author = {Kominis, I. K. and Kornack, T. W. and Allred, J. C. and Romalis, M. V.},
    number = {6932},
    month = {4},
    pages = {596--599},
    volume = {422},
    publisher = {Nature Publishing Group},
    url = {http://www.nature.com/articles/nature01484},
    doi = {10.1038/nature01484},
    issn = {0028-0836}
}

@article{Schwindt2007Chip-scaleTechnique,
    title = {{Chip-scale atomic magnetometer with improved sensitivity by use of the Mx technique}},
    year = {2007},
    journal = {Applied Physics Letters},
    author = {Schwindt, Peter D. D. and Lindseth, Brad and Knappe, Svenja and Shah, Vishal and Kitching, John and Liew, Li-Anne},
    number = {8},
    month = {2},
    pages = {081102},
    volume = {90},
    publisher = {American Institute of Physics},
    url = {http://aip.scitation.org/doi/10.1063/1.2709532},
    doi = {10.1063/1.2709532},
    issn = {0003-6951},
    keywords = {magnetometers, optical pumping}
}

@article{Sander2012MagnetoencephalographyMagnetometer.,
    title = {{Magnetoencephalography with a chip-scale atomic magnetometer.}},
    year = {2012},
    journal = {Biomed. Opt. Express},
    author = {Sander, T H and Preusser, J and Mhaskar, R and Kitching, J and Trahms, L and Knappe, S},
    number = {5},
    month = {5},
    pages = {981--90},
    volume = {3},
    publisher = {Optical Society of America},
    url = {http://www.ncbi.nlm.nih.gov/pubmed/22567591 http://www.pubmedcentral.nih.gov/articlerender.fcgi?artid=PMC3342203},
    doi = {10.1364/BOE.3.000981},
    issn = {2156-7085},
    pmid = {22567591},
    keywords = {(120.0120) Instrumentation, (170.0170) Medical optics and biotechnology, (230.0230) Optical devices, and metrology, measurement}
}

@article{Budker2007OpticalMagnetometry,
    title = {{Optical magnetometry}},
    year = {2007},
    journal = {Nature Physics},
    author = {Budker, Dmitry and Romalis, Michael},
    number = {4},
    month = {4},
    pages = {227--234},
    volume = {3},
    publisher = {Nature Publishing Group},
    url = {http://www.nature.com/articles/nphys566},
    doi = {10.1038/nphys566},
    issn = {1745-2473}
}

@article{Happer1977EffectVapors,
    title = {{Effect of rapid spin exchange on the magnetic-resonance spectrum of alkali vapors}},
    year = {1977},
    journal = {Physical Review A},
    author = {Happer, W. and Tam, A. C.},
    number = {5},
    month = {11},
    pages = {1877--1891},
    volume = {16},
    publisher = {American Physical Society},
    url = {https://link.aps.org/doi/10.1103/PhysRevA.16.1877},
    doi = {10.1103/PhysRevA.16.1877},
    issn = {0556-2791}
}

@article{Allred2002High-SensitivityRelaxation,
    title = {{High-Sensitivity Atomic Magnetometer Unaffected by Spin-Exchange Relaxation}},
    year = {2002},
    journal = {Phys. Rev. Lett.},
    author = {Allred, J. C. and Lyman, R. N. and Kornack, T. W. and Romalis, M. V.},
    number = {13},
    pages = {1--4},
    volume = {89},
    url = {http://physics.princeton.edu/atomic/romalis/papers/Allred_2002.pdf},
    doi = {10.1103/PhysRevLett.89.130801}
}

@article{Schwindt2004Chip-scaleMagnetometer,
    title = {{Chip-scale atomic magnetometer}},
    year = {2004},
    journal = {Applied Physics Letters},
    author = {Schwindt, Peter D D and Knappe, Svenja and Shah, Vishal and Hollberg, Leo and Kitching, John and Liew, Li-Anne and Moreland, John},
    number = {26},
    pages = {6409--6411},
    volume = {85},
    url = {https://tf.nist.gov/general/pdf/2001.pdf},
    doi = {10.1063/1.1839274}
}

@article{Johnson2010MagnetoencephalographyMagnetometer,
    title = {{Magnetoencephalography with a two-color pump-probe, fiber-coupled atomic magnetometer}},
    year = {2010},
    journal = {Appl. Phys. Lett},
    author = {Johnson, Cort and Schwindt, Peter D D and Weisend, Michael},
    number = {243703},
    pages = {1--3},
    volume = {97},
    url = {https://doi.org/10.1063/1.3522648 http://aip.scitation.org/toc/apl/97/24},
    doi = {10.1063/1.3522648}
}

@article{Shah2013AApplications,
    title = {{A compact, high performance atomic magnetometer for biomedical applications}},
    year = {2013},
    journal = {Phys. Med. Biol.},
    author = {Shah, Vishal K and Waki, Ronald},
    number = {8153},
    pages = {8154--8161},
    volume = {58},
    url = {http://iopscience.iop.org/article/10.1088/0031-9155/58/22/8153/pdf}
}

@article{Boto2017AMagnetometers,
    title = {{A new generation of magnetoencephalography: Room temperature measurements using optically-pumped magnetometers}},
    year = {2017},
    journal = {NeuroImage},
    author = {Boto, Elena and Meyer, Sofie S. and Shah, Vishal and Alem, Orang and Knappe, Svenja and Kruger, Peter and Fromhold, T. Mark and Lim, Mark and Glover, Paul M. and Morris, Peter G. and Bowtell, Richard and Barnes, Gareth R. and Brookes, Matthew J.},
    month = {4},
    pages = {404--414},
    volume = {149},
    publisher = {Academic Press},
    url = {https://www.sciencedirect.com/science/article/pii/S1053811917300411},
    doi = {10.1016/J.NEUROIMAGE.2017.01.034},
    issn = {1053-8119}
}

@article{Griffiths2001MagneticTomography,
    title = {{Magnetic induction tomography}},
    year = {2001},
    journal = {Meas. Sci. Technol},
    author = {Griffiths, H},
    pages = {1126--1131},
    volume = {12},
    url = {http://iopscience.iop.org/article/10.1088/0957-0233/12/8/319/pdf},
    keywords = {electromagnetic tomography, magnetic induction tomography}
}

@article{Deans2016ElectromagneticMagnetometer,
    title = {{Electromagnetic induction imaging with a radio-frequency atomic magnetometer}},
    year = {2016},
    journal = {Applied Physics Letters},
    author = {Deans, Cameron and Marmugi, Luca and Hussain, Sarah and Renzoni, Ferruccio},
    number = {10},
    month = {3},
    pages = {103503},
    volume = {108},
    publisher = {AIP Publishing LLC},
    url = {http://aip.scitation.org/doi/10.1063/1.4943659},
    doi = {10.1063/1.4943659},
    issn = {0003-6951},
    keywords = {conducting materials, crack detection, electromagnetic induction, image sensors, inductance measurement, magnetic variables measurement, magnetometers, optical pumping, optical sensors}
}

@inproceedings{Deans2016OpticalHeart,
    title = {{Optical atomic magnetometry for magnetic induction tomography of the heart}},
    year = {2016},
    booktitle = {Proc. SPIE 9900, Quantum Optics},
    author = {Deans, Cameron and Marmugi, Luca and Hussain, Sarah and Renzoni, Ferruccio},
    editor = {Stuhler, Jürgen and Shields, Andrew J.},
    month = {4},
    pages = {99000F},
    volume = {9900},
    publisher = {International Society for Optics and Photonics},
    url = {http://proceedings.spiedigitallibrary.org/proceeding.aspx?doi=10.1117/12.2227538},
    doi = {10.1117/12.2227538},
    keywords = {Atrial fibrillation, Conductivity maps, Imaging systems, Magnetic induction tomography, Medical imaging, Optical atomic magnetometers, Quantum sensors}
}

@article{Marmugi2016OpticalHeart,
    title = {{Optical Magnetic Induction Tomography of the Heart}},
    year = {2016},
    journal = {Nature Scientific Reports},
    author = {Marmugi, Luca and Renzoni, Ferruccio},
    number = {23962},
    pages = {2--7},
    volume = {6},
    url = {https://www.nature.com/articles/srep23962.pdf},
    doi = {10.1038/srep23962}
}

@article{Khedr2017AApplications,
    title = {{A Smartphone Step Counter Using IMU and Magnetometer for Navigation and Health Monitoring Applications}},
    year = {2017},
    journal = {Sensors},
    author = {Khedr, Maan and El-Sheimy, Nasser},
    number = {2573},
    volume = {17}
}

@article{Knappe2014Optically-PumpedMEG,
    title = {{Optically-Pumped Magnetometers for MEG}},
    year = {2014},
    author = {Knappe, Svenja A. and Sander, Tillman H. and Trahms, Lutz},
    url = {https://www.nist.gov/publications/optically-pumped-magnetometers-meg},
    keywords = {alkali metal vapor cell, electron spin resonance, magnetocardiography, magnetoencephalography, micro electro mechanical system, multichannel, optically pumped magnetometer, superconducting quantum interference device}
}

@article{Lee1994ZeemanLine,
    title = {{Zeeman effect in the saturation spectroscopy of the {\^{}}87Rb D{\_}2 line}},
    year = {1994},
    journal = {Journal of the Optical Society of America B},
    author = {Lee, Ho Seong and Park, Sang Eon and Park, Jong Dae and Cho, Hyuck},
    number = {4},
    month = {4},
    pages = {558},
    volume = {11},
    publisher = {Optical Society of America},
    url = {https://www.osapublishing.org/abstract.cfm?URI=josab-11-4-558},
    doi = {10.1364/JOSAB.11.000558},
    issn = {0740-3224}
}

@article{Li2017EllipticalVapor,
    title = {{Elliptical polarization of near-resonant linearly polarized probe light in optically pumped alkali metal vapor}},
    year = {2017},
    journal = {Scientific Reports},
    author = {Li, Yingying and Wang, Zhiguo and Jin, Shilong and Yuan, Jie and Luo, Hui},
    month = {2},
    pages = {43066},
    volume = {7},
    publisher = {Nature Publishing Group},
    url = {http://www.nature.com/articles/srep43066},
    doi = {10.1038/srep43066},
    issn = {2045-2322},
    keywords = {Atomic and molecular interactions with photons, Experimental nuclear physics}
}